@article{Chang:2018iay,
    author = "Chang, Chi-Ming and Lin, Ying-Hsuan and Shao, Shu-Heng and Wang, Yifan and Yin, Xi",
    title = "{Topological Defect Lines and Renormalization Group Flows in Two Dimensions}",
    eprint = "1802.04445",
    archivePrefix = "arXiv",
    primaryClass = "hep-th",
    reportNumber = "CALT-TH-2017-067, CALT-TH 2017-067, PUPT-2546",
    doi = "10.1007/JHEP01(2019)026",
    journal = "JHEP",
    volume = "01",
    pages = "026",
    year = "2019"
}

@article{Bhardwaj:2017xup,
    author = "Bhardwaj, Lakshya and Tachikawa, Yuji",
    title = "{On finite symmetries and their gauging in two dimensions}",
    eprint = "1704.02330",
    archivePrefix = "arXiv",
    primaryClass = "hep-th",
    reportNumber = "IPMU-17-0049",
    doi = "10.1007/JHEP03(2018)189",
    journal = "JHEP",
    volume = "03",
    pages = "189",
    year = "2018"
}

@article{Argyres:1996abc,
    author = "Argyres, Philip",
    title = "{Introduction to Supersymmetry}",
    url = "https://homepages.uc.edu/~argyrepc/cu661-gr-SUSY/susy1996.pdf",
    year = "1996"
}

@inproceedings{Tachikawa:2018sae,
    author = "Tachikawa, Yuji",
    title = "{Lectures on 4d $N$=1 dynamics and related topics}",
    eprint = "1812.08946",
    archivePrefix = "arXiv",
    primaryClass = "hep-th",
    reportNumber = "IPMU-18-0182",
    month = "12",
    year = "2018"
}

@article{Kogut:1979wt,
    author = "Kogut, John B.",
    title = "{An Introduction to Lattice Gauge Theory and Spin Systems}",
    reportNumber = "ILL-TH-79-4",
    doi = "10.1103/RevModPhys.51.659",
    journal = "Rev. Mod. Phys.",
    volume = "51",
    pages = "659",
    year = "1979"
}

@inproceedings{Simmons-Duffin:2016gjk,
    author = "Simmons-Duffin, David",
    title = "{The Conformal Bootstrap}",
    booktitle = "{Theoretical Advanced Study Institute in Elementary Particle Physics}: {New Frontiers in Fields and Strings}",
    eprint = "1602.07982",
    archivePrefix = "arXiv",
    primaryClass = "hep-th",
    doi = "10.1142/9789813149441_0001",
    month = "2",
    year = "2016"
}

@article{Figueroa-OFarrill:2001xbd,
    author = "Figueroa-O'Farrill, Jose Miguel",
    title = "{Busstepp lectures on supersymmetry}",
    eprint = "hep-th/0109172",
    archivePrefix = "arXiv",
    reportNumber = "EMPG-01-15",
    month = "9",
    year = "2001"
}

@article{VanProeyen:1999ni,
    author = "Van Proeyen, Antoine",
    title = "{Tools for supersymmetry}",
    eprint = "hep-th/9910030",
    archivePrefix = "arXiv",
    reportNumber = "KUL-TF-99-37",
    journal = "Ann. U. Craiova Phys.",
    volume = "9",
    number = "I",
    pages = "1--48",
    year = "1999"
}

@article{Kapranov:2015nft,
    author = "Kapranov, Mikhail",
    title = "{Supergeometry in mathematics and physics}",
    eprint = "1512.07042",
    archivePrefix = "arXiv",
    primaryClass = "math.AG",
    month = "12",
    year = "2015"
}

@book{Wess:1992cp,
    author = "Wess, J. and Bagger, J.",
    title = "{Supersymmetry and supergravity}",
    isbn = "978-0-691-02530-8",
    publisher = "Princeton University Press",
    address = "Princeton, NJ, USA",
    year = "1992"
}

@book{Freedman:2012zz,
    author = "Freedman, Daniel Z. and Van Proeyen, Antoine",
    title = "{Supergravity}",
    isbn = "978-1-139-36806-3, 978-0-521-19401-3",
    publisher = "Cambridge Univ. Press",
    address = "Cambridge, UK",
    month = "5",
    year = "2012"
}

@article{figueroa2015majorana,
  title={Majorana spinors},
  author={Figueroa-Oâ€™Farrill, Jos{\'e}},
  journal={Lecture Notes. University of Edinburgh},
  year={2015},
  url = "https://www.maths.ed.ac.uk/~jmf/Teaching/Lectures/Majorana.pdf"
}

@book{Polchinski:1998rq,
    author = "Polchinski, J.",
    title = "{String theory. Vol. 1: An introduction to the bosonic string}",
    doi = "10.1017/CBO9780511816079",
    isbn = "978-0-511-25227-3, 978-0-521-67227-6, 978-0-521-63303-1",
    publisher = "Cambridge University Press",
    series = "Cambridge Monographs on Mathematical Physics",
    year = "1998"
}

@article{Intriligator:1995au,
    author = "Intriligator, Kenneth A. and Seiberg, N.",
    editor = "Zichichi, A.",
    title = "{Lectures on supersymmetric gauge theories and electric-magnetic duality}",
    eprint = "hep-th/9509066",
    archivePrefix = "arXiv",
    reportNumber = "RU-95-48, IASSNS-HEP-95-70",
    doi = "10.1016/0920-5632(95)00626-5",
    journal = "Nucl. Phys. B Proc. Suppl.",
    volume = "45BC",
    pages = "1--28",
    year = "1996"
}

@article{Seiberg:1993vc,
    author = "Seiberg, Nathan",
    title = "{Naturalness versus supersymmetric nonrenormalization theorems}",
    eprint = "hep-ph/9309335",
    archivePrefix = "arXiv",
    reportNumber = "RU-93-45",
    doi = "10.1016/0370-2693(93)91541-T",
    journal = "Phys. Lett. B",
    volume = "318",
    pages = "469--475",
    year = "1993"
}

@book{Hori:2003ic,
    author = "Hori, K. and Katz, S. and Klemm, A. and Pandharipande, R. and Thomas, R. and Vafa, C. and Vakil, R. and Zaslow, E.",
    title = "{Mirror symmetry}",
    publisher = "AMS",
    address = "Providence, USA",
    series = "Clay mathematics monographs",
    volume = "1",
    year = "2003"
}

@article{Gustavsson:2001uw,
    author = "Gustavsson, Andreas and Henningson, Mans",
    title = "{A Short representation of the six-dimensional (2, 0) algebra}",
    eprint = "hep-th/0104172",
    archivePrefix = "arXiv",
    doi = "10.1088/1126-6708/2001/06/054",
    journal = "JHEP",
    volume = "06",
    pages = "054",
    year = "2001"
}

@article{Zhou:2018abc,
    author = "Zhou, Kevin",
    title = "{Lecture Notes on Supersymmetry}",
    url = "https://knzhou.github.io/notes/susy.pdf",
    year = "2018"
}

@article{Banados:2016zim,
    author = "Ba\~nados, M\'aximo and Reyes, Ignacio A.",
    title = "{A short review on Noether\textquoteright{}s theorems, gauge symmetries and boundary terms}",
    eprint = "1601.03616",
    archivePrefix = "arXiv",
    primaryClass = "hep-th",
    doi = "10.1142/S0218271816300214",
    journal = "Int. J. Mod. Phys. D",
    volume = "25",
    number = "10",
    pages = "1630021",
    year = "2016"
}

@article{Lai:2021abc,
    author = "Lai, Wen-Xin",
    title = "{Covariant Phase Space: A Pedagogical Introduction}",
    url = "https://bryango.github.io/resources/archive/alpha/charge.pdf",
    year = "2021"
}

@inproceedings{Dine:1996ui,
    author = "Dine, Michael",
    title = "{Supersymmetry phenomenology (with a broad brush)}",
    booktitle = "{Theoretical Advanced Study Institute in Elementary Particle Physics (TASI 96): Fields, Strings, and Duality}",
    eprint = "hep-ph/9612389",
    archivePrefix = "arXiv",
    reportNumber = "SCIPP-96-73",
    month = "12",
    year = "1996"
}

@article{Witten:1982df,
    author = "Witten, Edward",
    title = "{Constraints on Supersymmetry Breaking}",
    reportNumber = "PRINT-82-0163 (PRINCETON)",
    doi = "10.1016/0550-3213(82)90071-2",
    journal = "Nucl. Phys. B",
    volume = "202",
    pages = "253",
    year = "1982"
}

@article{Anagiannis:2018jqf,
    author = "Anagiannis, Vassilis and Cheng, Miranda C. N.",
    title = "{TASI Lectures on Moonshine}",
    eprint = "1807.00723",
    archivePrefix = "arXiv",
    primaryClass = "hep-th",
    doi = "10.22323/1.305.0010",
    journal = "PoS",
    volume = "TASI2017",
    pages = "010",
    year = "2018"
}

@unpublished{MauricioStuff,
  author = {Romo, Mauricio},
  title  = {B-branes and related stuff},
  note   = {Unpublished, preliminary course notes from Spring 2020 at Yau Mathematical Sciences Center, Tsinghua University}
}

@article{Dine:1994su,
    author = "Dine, Michael and Shirman, Yuri",
    title = "{Some explorations in holomorphy}",
    eprint = "hep-th/9405155",
    archivePrefix = "arXiv",
    reportNumber = "SCIPP-94-11",
    doi = "10.1103/PhysRevD.50.5389",
    journal = "Phys. Rev. D",
    volume = "50",
    pages = "5389--5397",
    year = "1994"
}

@book{Terning:2006bq,
    author = "Terning, J.",
    title = "{Modern supersymmetry: Dynamics and duality}",
    doi = "10.1093/acprof:oso/9780198567639.001.0001",
    year = "2006",
    publisher={Oxford University Press},
    isbn={9780198567639},
    lccn={2006275069}
}

@article{Shifman:1986zi,
    author = "Shifman, Mikhail A. and Vainshtein, A. I.",
    title = "{Solution of the Anomaly Puzzle in SUSY Gauge Theories and the Wilson Operator Expansion}",
    reportNumber = "IYF-86-62",
    doi = "10.1016/0550-3213(86)90451-7",
    journal = "Nucl. Phys. B",
    volume = "277",
    pages = "456",
    year = "1986"
}

@article{Arkani-Hamed:1997lye,
    author = "Arkani-Hamed, Nima and Murayama, Hitoshi",
    title = "{Renormalization group invariance of exact results in supersymmetric gauge theories}",
    eprint = "hep-th/9705189",
    archivePrefix = "arXiv",
    reportNumber = "LBL-40346, LBNL-40346, UCB-PTH-97-21",
    doi = "10.1103/PhysRevD.57.6638",
    journal = "Phys. Rev. D",
    volume = "57",
    pages = "6638--6648",
    year = "1998"
}

@article{Arkani-Hamed:1997qui,
    author = "Arkani-Hamed, Nima and Murayama, Hitoshi",
    title = "{Holomorphy, rescaling anomalies and exact beta functions in supersymmetric gauge theories}",
    eprint = "hep-th/9707133",
    archivePrefix = "arXiv",
    reportNumber = "LBL-40460, LBNL-40460, UCB-PTH-97-38",
    doi = "10.1088/1126-6708/2000/06/030",
    journal = "JHEP",
    volume = "06",
    pages = "030",
    year = "2000"
}

@MISC {physics_stack371789,
    TITLE = {Srednicki QFT Chapter 29: Feynman diagrams for calculating the effective action},
    AUTHOR = {\href{https://physics.stackexchange.com/users/7266/abdelmalek-abdesselam}{Abdelmalek Abdesselam}},
    HOWPUBLISHED = {Physics Stack Exchange},
    NOTE = {(version: 2017-12-01)},
    URL = {https://physics.stackexchange.com/q/371789}
}
